@techreport{popjava_tech,
	author = {Valentin Cl√©ment},
	title = {POP-Java - Technical Report},
	institution = {EIA-FR},
	address = {Fribourg, Switzerland},
	month = {August},
	year = {2010}
}

@manual{popc_intro,
	title = {Parallel Object Programming C++, User and installation Manual},
	organization = {Grid and Ubiquitous Computing Group, EIA-FR}
	address = {Fribourg, Switzerland},
	year = {2010}
}

@phdthesis{popc_thesis,
	author = {Thuan-Anh Nguyen},
	title = {An object-oriented model for adaptive high performance computing on the computational GRID},
	school = {EPFL},
	address = {Lausanne, Switzerland},
	year = {2004},
}

@manual{Allcock02,
	author = {W. Allcock and J. Bester and J. Bresnahan and A. Chervenak and L. Liming and S. Meder and S. Tuecke},
	title = {GridFTP Protocol Specification},
	organization = {GGF GridFTP Working Group},
	month = {September},
	year = {2002},
}

@inproceedings{Czajkowski98,
	author = {K. Czajkowski and I. Foster and N. Karonis and C. Kesselman and S.~Martin and W. Smith and S.Tuecke},
	title = {A resource management architecture for metacomputing systems},
	booktitle = {Proc. IPPS/SPDP '98 Workshop on Job Scheduling Strategies for Parallel Processing},
	year = {1988},
	pages = {62--82},
}

@inproceedings{Foster98:2,
	author = {I. Foster and N. Karonis},
	title = {A grid-enabled mpi: Message passing in heterogeneous distributed computing systems},
	booktitle = {Proc. 1998 SC Conference},
	year = {1998},
	month = {November},
}

@article{Foster97,
	author = {I. Foster and C. Kesselman},
	title = {Globus: A metacomputing infrastructure toolkit},
	journal = {Intl J. Supercomputer Applications},
	year = {1997},
	volume = {11},
	number = {2},
	pages = {115--128},
}

@article{Foster02,
	author = {I. Foster and C. Kesselman and J. Nick and S. Tuecke},
	title = {Grid services for distributed system integration},
	journal = {Computer},
	volume = {35},
	number = {6},
	year = {2002},
}

@article{Grimshaw99,
	author = {Andrew Grimshaw and Adam Ferrari and Fritz Knabe and Marty Humphrey},
	title = {Legion: An operating system for wide-area computing},
	journal = {IEEE Computer},
	volume = {32},
	number = {5},
	pages = {29--37},
	month = {May},
	year = {1999},
}

@article{Karonis03,
	author = {N. Karonis and B. Toonen and I.Foster},
	title = {MPICH-G2: A grid-enabled implementation of the message passing interface},
	journal = {Journal of Parallel and Distributed Computing},
	year = {2003},
}

@article{Nguyen07,
	author = {P. Kuonen and T. A. Nguyen},
	title = {Programming the grid with pop-c++},
	journal = {Future Generation Computer Systems (FGCS)},
	volume = {23},
	number = {1},
	pages = {23--30},
	month = {January},
	year = {2007},
}

@manual{corba26,
	organization = {Object Management Group},
	address = {Framingham, Massachusetts},
	title = {The Common Object Request Broker: Architecture and Specification -- Version 2.6},
	month = {December},
	year = {2001},
}

@inproceedings{Roy00,
	author = {A. Roy and I. Foster and W. Gropp and N. Karonis and V. Sander and B. Toonen},
	title = {MPICH-GQ: Quality-of-service for message passing programs},
	booktitle = {Proc. of the IEEE/ACM SC2000 Conference},
	month = {November},
	year = {2000},
}

@inproceedings{Stockinger01,
	author = {H. Stockinger and A. Samar and B. Allcock and I. Foster and K. Holtman and B. Tierney},
	title = {File and object replication in data grids},
	booktitle = {10th IEEE Symposium on High Performance and Distributed Computing (HPDC2001)},
	year = {2001},
	address = {San Francisco, California}
}

@inproceedings{Tong03,
	author = {Weiqin Tong and Jingbo Ding and Lizhi Cai},
	title = {A parallel programming environment on grid},
	booktitle = {International Conference on Computational Science 2003},
	year = {2003},
	pages = {225--234},
}

@inproceedings{Welch03,
	author = {V. Welch and F. Siebenlist and I. Foster and J. Bresnahan and K. Czajkowski and J. Gawor and C. Kesselman and S. Meder and L. Pearlman and S. Tuecke},
	title = {Security for grid services},
	booktitle = {Twelfth International Symposium on High Performance Distributed Computing (HPDC-12)},
	editor = {IEEE Press},
	year = {2003},
}

@misc{Williams00,
	author = {Tiffani L. Williams and Rebecca J. Parsons},
	title = {The heterogeneous bulk synchronous parallel model},
	howpublished = {Lecture Notes in Computer Science},
	year = {2000},
}
